% This file was created with JabRef 2.7.
% Encoding: UTF8

@inproceedings{Yao:2015ix,
author = {Yao, Dezhong and Zhao, Peilin and Yu, Chen and Jin, Hai and Li, Bin},
title = {{Sparse Online Relative Similarity Learning}},
booktitle = {2015 IEEE International Conference on Data Mining (ICDM)},
year = {2015},
pages = {529--538},
publisher = {IEEE}
}

@mastersthesis {test,
author = {Piaoye},
title = {GIS局部放在线监测},
school = {东南大学},
year = {2017},
}

@article{R1,
author = {孙玉娇},
title = {未来中国输电网发展模式的分析与展望},
journal = {电网技术},
year = {2013},
pages = {1929-1935},
volume = {7},
number = {1},
}

@phdthesis{test1,
  title={基于UHF方法的GIS局部放电检测与仿生模式识别},
  author={段大鹏},
  school={上海交通大学},
  year={2009},
}

@MISC{seucover,
  author = {hbsjzzxgssb},
  title = {东南大学学位论文封面},
  year = {2007},
  language = {Chinese},
  typeoflit = {EB/OL}
}

@MISC{wloo,
  author = {wloo},
  title = {用LaTeX写漂亮学位论文},
  year = {2005},
  language = {Chinese},
  typeoflit = {EB/OL},
  url = {http://ymei.freeshell.org/WebWiki/Computer/ThesisWithLaTeX.html}
}

@MISC{seugs:standard,
  author = {东南大学研究生院},
  title = {东南大学研究生学位论文的格式规定（试行）},
  year = {2011},
  language = {Chinese},
  typeoflit = {EB/OL},
  url = {http://seugs.seu.edu.cn/s/97/t/1707/aa/64/info43620.htm}
}

@BOOK{GBT7714-2005,
  title = {中华任命共和国国家标准－文后参考文献著录规则},
  publisher = {中国标准出版社},
  year = {2005},
  author = {中华人民共和国国家质量监督检验检疫总局，中国国家标准化管理委员会},
  address = {北京},
  edition = {GB/T 7714-2005},
  language = {Chinese}
}

@MISC{wkbst,
  author = {吴凯},
  title = {GBT7714-2005.bst：利用BibTEX生成符合GB/T 7714-2005的参考文献},
  year = {2006},
  language = {Chinese},
  typeoflit = {EB/OL}
}

@MISC{xrn:howtopackage,
  author = {薛瑞尼},
  title = {如何编写宏包},
  year = {2005},
  language = {Chinese},
  typeoflit = {EB/OL},
  url = {http://learn.tsinghua.edu.cn:8080/2003214890/publish/TeX/Doc.html}
}

@MISC{xrn:thuthesis,
  author = {薛瑞尼},
  title = {ThuThesis:清华大学学位论文模板},
  year = {2005},
  language = {Chinese},
  typeoflit = {EB/OL}
}

@article{Zhang2016Key,
  title={Key Generation from Wireless Channels: A Review},
  author={Zhang, Junqing and Duong, Trung and Marshall, Alan and Woods, Roger},
  journal={IEEE Access},
  year={2016},
}

@ARTICLE{6739367, 
author={A. {Mukherjee} and S. A. A. {Fakoorian} and J. {Huang} and A. L. {Swindlehurst}}, 
journal={IEEE Communications Surveys Tutorials}, 
title={Principles of Physical Layer Security in Multiuser Wireless Networks: A Survey}, 
year={2014}, 
volume={16}, 
number={3}, 
pages={1550-1573}, 
keywords={channel coding;game theory;radio networks;radiofrequency interference;relay networks (telecommunication);telecommunication security;wireless channels;physical layer security;multiuser wireless networks;confidential messages;wireless medium;unauthorized eavesdroppers;higher layer encryption;secret key;transmit coding strategies;wireless communication medium;public channels;information theoretic security;secure transmission strategies;point-to-point channels;multiple antenna systems;multiuser broadcast;multiple access;interference;relay networks;secret key generation;channel coding design;game theory;Security;Receivers;MIMO;Physical layer;Fading;Transmitters;Wireless communication;Physical layer security;Information-theoretic security;wiretap channel;secrecy;artificial noise;cooperative jamming;secret-key agreement}, 
doi={10.1109/SURV.2014.012314.00178}, 
ISSN={2373-745X}, 
month={Third},}

@article{vernam1922secret,
  title={Secret signaling system},
  author={Vernam, Gilbert S},
  journal={US Patent},
  number={1,310,719},
  year={1922}
}

@article{shannon1949communication,
  title={Communication theory of secrecy systems},
  author={Shannon, Claude E},
  journal={Bell system technical journal},
  volume={28},
  number={4},
  pages={656--715},
  year={1949},
  publisher={Wiley Online Library}
}

@article{ahlswede1993common,
  title={Common randomness in information theory and cryptography. part i: secret sharing},
  author={Ahlswede, Rudolf and Csisz{\'a}r, Imre},
  journal={IEEE Transactions on Information Theory},
  volume={39},
  number={4},
  year={1993}
}

@article{maurer1993secret,
  title={Secret key agreement by public discussion from common information},
  author={Maurer, Ueli M},
  journal={IEEE transactions on information theory},
  volume={39},
  number={3},
  pages={733--742},
  year={1993},
  publisher={IEEE}
}

@article{hershey1995unconventional,
  title={Unconventional cryptographic keying variable management},
  author={Hershey, John E and Hassan, Amer A and Yarlagadda, Rao},
  journal={IEEE Transactions on Communications},
  volume={43},
  number={1},
  pages={3--6},
  year={1995},
  publisher={IEEE}
}

@article{WangSurvey,
  title={Survey on channel reciprocity based key establishment techniques for wireless systems},
  author={Wang, Tao and Liu, Yao and Vasilakos, Athanasios V.},
  journal={Wireless Networks},
  volume={21},
  number={6},
  pages={1835-1846},
}

@article{zeng2015physical,
  title={Physical layer key generation in wireless networks: challenges and opportunities},
  author={Zeng, Kai},
  journal={IEEE Communications Magazine},
  volume={53},
  number={6},
  pages={33--39},
  year={2015},
  publisher={IEEE}
}

@article{ren2011secret,
  title={Secret key generation exploiting channel characteristics in wireless communications},
  author={Ren, Kui and Su, Hai and Wang, Qian},
  journal={IEEE Wireless Communications},
  volume={18},
  number={4},
  pages={6--12},
  year={2011},
  publisher={IEEE}
}

@article{Blossom2004GNU,
  title={GNU Radio: tools for exploring the radio frequency spectrum},
  author={Blossom, Eric},
  journal={Linux Journal},
  volume={2004},
  number={122},
  pages={4},
  year={2004},
}